<record><leader>00000cas a2200000 a 4500</leader><controlfield tag="001">2251847</controlfield><controlfield tag="008">760620d18731889sduwr ne      0    0eng c</controlfield><datafield ind1=" " ind2=" " tag="010"><subfield code="a">sn 83025489 </subfield></datafield><datafield ind1=" " ind2=" " tag="040"><subfield code="a">MUL</subfield><subfield code="b">eng</subfield><subfield code="c">MUL</subfield><subfield code="d">NPV</subfield><subfield code="d">NPX</subfield><subfield code="d">OCL</subfield><subfield code="d">DLC</subfield><subfield code="d">CNW</subfield><subfield code="d">NVG</subfield><subfield code="d">DLC</subfield><subfield code="d">SXN</subfield><subfield code="d">CUI</subfield><subfield code="d">OCLCQ</subfield><subfield code="d">OCLCA</subfield><subfield code="d">OCLCF</subfield></datafield><datafield ind1=" " ind2=" " tag="019"><subfield code="a">9526983</subfield></datafield><datafield ind1="1" ind2=" " tag="029"><subfield code="a">AU@</subfield><subfield code="b">000020124626</subfield></datafield><datafield ind1=" " ind2=" " tag="042"><subfield code="a">pcc</subfield></datafield><datafield ind1=" " ind2=" " tag="043"><subfield code="a">n-us-sd</subfield></datafield><datafield ind1=" " ind2="4" tag="050"><subfield code="a">AN</subfield></datafield><datafield ind1="0" ind2="4" tag="245"><subfield code="a">The Yankton press and union and Dakotaian.</subfield></datafield><datafield ind1="1" ind2="3" tag="246"><subfield code="a">Press and Dakotaian</subfield></datafield><datafield ind1=" " ind2=" " tag="260"><subfield code="a">Yankton, Dakota Territory [S.D.] :</subfield><subfield code="b">Press &amp; Dakotaian Pub. Co.,</subfield><subfield code="c">1873-1889.</subfield></datafield><datafield ind1=" " ind2=" " tag="300"><subfield code="a">v.</subfield></datafield><datafield ind1=" " ind2=" " tag="310"><subfield code="a">Weekly</subfield></datafield><datafield ind1="0" ind2=" " tag="362"><subfield code="a">Vol. 12, no. 35 (Dec. 4, 1873)-v. 29, no. 14 (Apr. 25, 1889).</subfield></datafield><datafield ind1=" " ind2=" " tag="500"><subfield code="a">"The Yankton" and "union and" appear within the title ornament.</subfield></datafield><datafield ind1=" " ind2=" " tag="515"><subfield code="a">Also carries the numbering of the Yankton press, Dec. 4, 1873-Dec. 10, 1874.</subfield></datafield><datafield ind1=" " ind2=" " tag="580"><subfield code="a">Daily eds.: Yankton daily press and Dakotaian, Apr. 26-Nov. 4, 1875; Daily press and Dakotaian, Nov. 5, 1875-Apr. 24, 1880; and Press and daily Dakotaian, Apr. 26, 1880-Apr. 25, 1889.</subfield></datafield><datafield ind1=" " ind2="0" tag="651"><subfield code="a">Dakota Territory</subfield><subfield code="x">History</subfield><subfield code="v">Newspapers.</subfield></datafield><datafield ind1=" " ind2="0" tag="651"><subfield code="a">Yankton (S.D.)</subfield><subfield code="v">Newspapers.</subfield></datafield><datafield ind1=" " ind2="0" tag="651"><subfield code="a">Yankton County (S.D.)</subfield><subfield code="v">Newspapers.</subfield></datafield><datafield ind1=" " ind2="7" tag="655"><subfield code="a">History.</subfield><subfield code="2">fast</subfield><subfield code="0">(OCoLC)fst01411628</subfield></datafield><datafield ind1=" " ind2="7" tag="655"><subfield code="a">Newspapers.</subfield><subfield code="2">fast</subfield><subfield code="0">(OCoLC)fst01423814</subfield></datafield><datafield ind1=" " ind2="7" tag="651"><subfield code="a">South Dakota</subfield><subfield code="z">Yankton.</subfield><subfield code="2">fast</subfield><subfield code="0">(OCoLC)fst01228901</subfield></datafield><datafield ind1=" " ind2="7" tag="651"><subfield code="a">South Dakota</subfield><subfield code="z">Yankton County.</subfield><subfield code="2">fast</subfield><subfield code="0">(OCoLC)fst01207911</subfield></datafield><datafield ind1=" " ind2="7" tag="651"><subfield code="a">United States</subfield><subfield code="z">Dakota Territory.</subfield><subfield code="2">fast</subfield><subfield code="0">(OCoLC)fst01228148</subfield></datafield><datafield ind1=" " ind2=" " tag="752"><subfield code="a">United States</subfield><subfield code="b">South Dakota</subfield><subfield code="c">Yankton</subfield><subfield code="d">Yankton.</subfield></datafield><datafield ind1="1" ind2=" " tag="775"><subfield code="t">Yankton daily press and Dakotaian</subfield><subfield code="w">(DLC)sn 91099607</subfield><subfield code="w">(OCoLC)23458968</subfield></datafield><datafield ind1="1" ind2=" " tag="775"><subfield code="t">Daily press and Dakotaian</subfield><subfield code="w">(DLC)sn 84022144</subfield><subfield code="w">(OCoLC)10316215</subfield></datafield><datafield ind1="1" ind2=" " tag="775"><subfield code="t">Press and daily Dakotaian</subfield><subfield code="w">(DLC)sn 91099608</subfield><subfield code="w">(OCoLC)23459099</subfield></datafield><datafield ind1="0" ind2="8" tag="776"><subfield code="i">Online version:</subfield><subfield code="t">Yankton press and union and Dakotaian (Online)</subfield><subfield code="w">(OCoLC)686765560</subfield></datafield><datafield ind1="0" ind2="0" tag="780"><subfield code="t">Press and Dakotaian</subfield><subfield code="w">(DLC)sn 99062899</subfield><subfield code="w">(OCoLC)41298043</subfield></datafield><datafield ind1="0" ind2="0" tag="785"><subfield code="t">Yankton press and union and Dakotan</subfield><subfield code="w">(DLC)sn 99062900</subfield><subfield code="w">(OCoLC)41314123</subfield></datafield></record>